background
@article{feistel1973cryptography,
	title={Cryptography and computer privacy},
	author={Feistel, Horst},
	journal={Scientific american},
	volume={228},
	number={5},
	pages={15--23},
	year={1973},
	publisher={JSTOR}
}

@online{wiki_encryptographic,
	url={https://en.wikipedia.org/wiki/Cryptographic_hash_function},
	citedate={June 02, 2020},
	title={Cryptographic hash function},
	year={2020}
}

@online{apktool,
	title={Apktool},
	url={https://github.com/iBotPeaches/Apktool},
	citedate={June 02, 2020}
}

@online{dex2jar,
	title={dex2jar},
	url={https://github.com/pxb1988/dex2jar},
	citedate={June 02, 2020}
}

@online{jd-gui,
	title={jd-gui},
	url={https://github.com/java-decompiler/jd-gui},
	citedate={June 02, 2020}
}

@online{android_fundamental,
	title={Android fundamentals},
	url={https://developer.android.com/guide/components/fundamentals},
	citedate={June 02, 2020}
}

@inproceedings{au2012pscout,
	title={Pscout: analyzing the android permission specification},
	author={Au, Kathy Wain Yee and Zhou, Yi Fan and Huang, Zhen and Lie, David},
	booktitle={Proceedings of the 2012 ACM conference on Computer and communications security},
	pages={217--228},
	year={2012}
}

@newspaper{zhang2015xiaomi,
	title={小米等应用商店藏不良软件 APP市场乱象频生},
	editor={张倩},
	publisher={通信信息报},
	date={2015-02-11(A05)}
}

@newspaper{chen2012yidong,
	title={移动应用市场乱象何时休},
	editor={陈静 and 谭辛},
	publisher={经济日报},
	date={2012-02-27(014)}
}

% ranking frauds related content starts from here
@inproceedings{lim2010detecting,
	title={Detecting product review spammers using rating behaviors},
	author={Lim, Ee-Peng and Nguyen, Viet-An and Jindal, Nitin and Liu, Bing and Lauw, Hady Wirawan},
	booktitle={Proceedings of the 19th ACM international conference on Information and knowledge management},
	pages={939--948},
	year={2010}
}

@INPROCEEDINGS{hernandez2019the,
	author = {Hernandez, Nestor and Rahman, Mizanur and Recabarren, Ruben and Ahmed, Ishtiaque and Carbunar, Bogdan},
	title = {The Art and Craft of Fraudulent App Promotion in Google Play},
	booktitle = {Proceedings of the 26th ACM Conference on Computer and Communications Security (CCS 2019)},
	organization={ACM},
	year = {2019}
}

@inproceedings{rahman2019art,
	title={The Art and Craft of Fraudulent App Promotion in Google Play},
	author={Rahman, Mizanur and Hernandez, Nestor and Recabarren, Ruben and Ahmed, Syed Ishtiaque and Carbunar, Bogdan},
	booktitle={Proceedings of the 2019 ACM SIGSAC Conference on Computer and Communications Security},
	pages={2437--2454},
	year={2019}
}

@inproceedings{xie2016you,
	title={You can promote, but you can't hide: large-scale abused app detection in mobile app stores},
	author={Xie, Zhen and Zhu, Sencun and Li, Qing and Wang, Wenjing},
	booktitle={Proceedings of the 32nd Annual Conference on Computer Security Applications},
	pages={374--385},
	year={2016},
	organization={ACM}
}

@inproceedings{xie2015appwatcher,
	title={AppWatcher: Unveiling the underground market of trading mobile app reviews},
	author={Xie, Zhen and Zhu, Sencun},
	booktitle={Proceedings of the 8th ACM Conference on Security \& Privacy in Wireless and Mobile Networks},
	pages={1--11},
	year={2015}
}

@inproceedings{chen2017toward,
	title={Toward detecting collusive ranking manipulation attackers in mobile app markets},
	author={Chen, Hao and He, Daojing and Zhu, Sencun and Yang, Jingshun},
	booktitle={Proceedings of the 2017 ACM on Asia Conference on Computer and Communications Security},
	pages={58--70},
	year={2017},
	organization={ACM}
}

@inproceedings{hu2019want,
	title={Want to earn a few extra bucks? a first look at money-making apps},
	author={Hu, Yangyu and Wang, Haoyu and Li, Li and Guo, Yao and Xu, Guoai and He, Ren},
	booktitle={2019 IEEE 26th International Conference on Software Analysis, Evolution and Reengineering (SANER)},
	pages={332--343},
	year={2019},
	organization={IEEE}
}

@article{zhu2014discovery,
	title={Discovery of ranking fraud for mobile apps},
	author={Zhu, Hengshu and Xiong, Hui and Ge, Yong and Chen, Enhong},
	journal={IEEE Transactions on knowledge and data engineering},
	volume={27},
	number={1},
	pages={74--87},
	year={2014},
	publisher={IEEE}
}

@inproceedings{xie2014grouptie,
	title={Grouptie: toward hidden collusion group discovery in app stores},
	author={Xie, Zhen and Zhu, Sencun},
	booktitle={Proceedings of the 2014 ACM conference on Security and privacy in wireless \& mobile networks},
	pages={153--164},
	year={2014},
	organization={ACM}
}

@inproceedings{hooi2016fraudar,
	title={Fraudar: Bounding graph fraud in the face of camouflage},
	author={Hooi, Bryan and Song, Hyun Ah and Beutel, Alex and Shah, Neil and Shin, Kijung and Faloutsos, Christos},
	booktitle={Proceedings of the 22nd ACM SIGKDD International Conference on Knowledge Discovery and Data Mining},
	pages={895--904},
	year={2016}
}

@inproceedings{abbasi2013measuring,
	title={Measuring user credibility in social media},
	author={Abbasi, Mohammad-Ali and Liu, Huan},
	booktitle={International Conference on Social Computing, Behavioral-Cultural Modeling, and Prediction},
	pages={441--448},
	year={2013},
	organization={Springer}
}

# repackaging
@inproceedings{potharaju2012plagiarizing,
	title={Plagiarizing smartphone applications: attack strategies and defense techniques},
	author={Potharaju, Rahul and Newell, Andrew and Nita-Rotaru, Cristina and Zhang, Xiangyu},
	booktitle={International symposium on engineering secure software and systems},
	pages={106--120},
	year={2012},
	organization={Springer}
}

@inproceedings{hanna2012juxtapp,
	title={Juxtapp: A scalable system for detecting code reuse among android applications},
	author={Hanna, Steve and Huang, Ling and Wu, Edward and Li, Saung and Chen, Charles and Song, Dawn},
	booktitle={International Conference on Detection of Intrusions and Malware, and Vulnerability Assessment},
	pages={62--81},
	year={2012},
	organization={Springer}
}

@inproceedings{guan2016semantics,
	title={Semantics-based repackaging detection for mobile apps},
	author={Guan, Quanlong and Huang, Heqing and Luo, Weiqi and Zhu, Sencun},
	booktitle={International Symposium on Engineering Secure Software and Systems},
	pages={89--105},
	year={2016},
	organization={Springer}
}

@article{wu2015detect,
	title={Detect repackaged android application based on http traffic similarity},
	author={Wu, Xueping and Zhang, Dafang and Su, Xin and Li, WenWei},
	journal={Security and Communication Networks},
	volume={8},
	number={13},
	pages={2257--2266},
	year={2015},
	publisher={Wiley Online Library}
}

@inproceedings{sun2015droideagle,
	title={DroidEagle: seamless detection of visually similar Android apps},
	author={Sun, Mingshen and Li, Mengmeng and Lui, John CS},
	booktitle={Proceedings of the 8th ACM Conference on Security \& Privacy in Wireless and Mobile Networks},
	pages={1--12},
	year={2015}
}

@inproceedings{kywe2014detecting,
	title={Detecting camouflaged applications on mobile application markets},
	author={Kywe, Su Mon and Li, Yingjiu and Deng, Robert H and Hong, Jason},
	booktitle={International Conference on Information Security and Cryptology},
	pages={241--254},
	year={2014},
	organization={Springer}
}

@inproceedings{soh2015detecting,
	title={Detecting clones in android applications through analyzing user interfaces},
	author={Soh, Charlie and Tan, Hee Beng Kuan and Arnatovich, Yauhen Leanidavich and Wang, Lipo},
	booktitle={2015 IEEE 23rd international conference on program comprehension},
	pages={163--173},
	year={2015},
	organization={IEEE}
}

# against repackaging
@inproceedings{zhou2013appink,
	title={AppInk: watermarking android apps for repackaging deterrence},
	author={Zhou, Wu and Zhang, Xinwen and Jiang, Xuxian},
	booktitle={Proceedings of the 8th ACM SIGSAC symposium on Information, computer and communications security},
	pages={1--12},
	year={2013}
}

@inproceedings{zhou2014divilar,
	title={Divilar: Diversifying intermediate language for anti-repackaging on android platform},
	author={Zhou, Wu and Wang, Zhi and Zhou, Yajin and Jiang, Xuxian},
	booktitle={Proceedings of the 4th ACM conference on Data and application security and privacy},
	pages={199--210},
	year={2014}
}

@inproceedings{luo2016repackage,
	title={Repackage-proofing android apps},
	author={Luo, Lannan and Fu, Yu and Wu, Dinghao and Zhu, Sencun and Liu, Peng},
	booktitle={2016 46th Annual IEEE/IFIP International Conference on Dependable Systems and Networks (DSN)},
	pages={550--561},
	year={2016},
	organization={IEEE}
}

@inproceedings{zeng2018resilient,
	title={Resilient decentralized Android application repackaging detection using logic bombs},
	author={Zeng, Qiang and Luo, Lannan and Qian, Zhiyun and Du, Xiaojiang and Li, Zhoujun},
	booktitle={Proceedings of the 2018 International Symposium on Code Generation and Optimization},
	pages={50--61},
	year={2018}
}

# repackage dataset
@article{li2017androzoo++,
title={Androzoo++: Collecting millions of android apps and their metadata for the research community},
author={Li, Li and Gao, Jun and Hurier, M{\'e}d{\'e}ric and Kong, Pingfan and Bissyand{\'e}, Tegawend{\'e} F and Bartel, Alexandre and Klein, Jacques and Traon, Yves Le},
journal={arXiv preprint arXiv:1709.05281},
year={2017}
}

# comment understanding
@inproceedings{fu2013people,
	title={Why people hate your app: Making sense of user feedback in a mobile app store},
	author={Fu, Bin and Lin, Jialiu and Li, Lei and Faloutsos, Christos and Hong, Jason and Sadeh, Norman},
	booktitle={Proceedings of the 19th ACM SIGKDD international conference on Knowledge discovery and data mining},
	pages={1276--1284},
	year={2013}
}

@inproceedings{kong2015autoreb,
	title={Autoreb: Automatically understanding the review-to-behavior fidelity in android applications},
	author={Kong, Deguang and Cen, Lei and Jin, Hongxia},
	booktitle={Proceedings of the 22nd ACM SIGSAC Conference on Computer and Communications Security},
	pages={530--541},
	year={2015}
}

# malware
@inproceedings{felt2011android,
	title={Android permissions demystified},
	author={Felt, Adrienne Porter and Chin, Erika and Hanna, Steve and Song, Dawn and Wagner, David},
	booktitle={Proceedings of the 18th ACM conference on Computer and communications security},
	pages={627--638},
	year={2011}
}

@inproceedings{grace2012riskranker,
	title={Riskranker: scalable and accurate zero-day android malware detection},
	author={Grace, Michael and Zhou, Yajin and Zhang, Qiang and Zou, Shihong and Jiang, Xuxian},
	booktitle={Proceedings of the 10th international conference on Mobile systems, applications, and services},
	pages={281--294},
	year={2012}
}

@inproceedings{enck2009lightweight,
	title={On lightweight mobile phone application certification},
	author={Enck, William and Ongtang, Machigar and McDaniel, Patrick},
	booktitle={Proceedings of the 16th ACM conference on Computer and communications security},
	pages={235--245},
	year={2009}
}

@article{enck2014taintdroid,
	title={TaintDroid: an information-flow tracking system for realtime privacy monitoring on smartphones},
	author={Enck, William and Gilbert, Peter and Han, Seungyeop and Tendulkar, Vasant and Chun, Byung-Gon and Cox, Landon P and Jung, Jaeyeon and McDaniel, Patrick and Sheth, Anmol N},
	journal={ACM Transactions on Computer Systems (TOCS)},
	volume={32},
	number={2},
	pages={1--29},
	year={2014},
	publisher={ACM New York, NY, USA}
}

@inproceedings{yan2012droidscope,
	title={Droidscope: Seamlessly reconstructing the $\{$OS$\}$ and dalvik semantic views for dynamic android malware analysis},
	author={Yan, Lok Kwong and Yin, Heng},
	booktitle={Presented as part of the 21st $\{$USENIX$\}$ Security Symposium ($\{$USENIX$\}$ Security 12)},
	pages={569--584},
	year={2012}
}

@article{chen2018automated,
	title={Automated poisoning attacks and defenses in malware detection systems: An adversarial machine learning approach},
	author={Chen, Sen and Xue, Minhui and Fan, Lingling and Hao, Shuang and Xu, Lihua and Zhu, Haojin and Li, Bo},
	journal={computers \& security},
	volume={73},
	pages={326--344},
	year={2018},
	publisher={Elsevier}
}

@inproceedings{luo2016repackage,
	title={Repackage-proofing android apps},
	author={Luo, Lannan and Fu, Yu and Wu, Dinghao and Zhu, Sencun and Liu, Peng},
	booktitle={2016 46th Annual IEEE/IFIP International Conference on Dependable Systems and Networks (DSN)},
	pages={550--561},
	year={2016},
	organization={IEEE}
}

@inproceedings{chen2016towards,
	title={Towards adversarial detection of mobile malware: poster},
	author={Chen, Sen and Xue, Minhui and Xu, Lihua},
	booktitle={Proceedings of the 22nd Annual International Conference on Mobile Computing and Networking},
	pages={415--416},
	year={2016},
	organization={ACM}
}

@inproceedings{fan2016poster,
	title={POSTER: Accuracy vs. Time Cost: Detecting {Android} Malware through Pareto Ensemble Pruning},
	author={Fan, Lingling and Xue, Minhui and Chen, Sen and Xu, Lihua and Zhu, Haojin},
	booktitle={Proceedings of the 2016 ACM SIGSAC Conference on Computer and Communications Security},
	pages={1748--1750},
	year={2016},
	organization={ACM}
}

@inproceedings{storydroid,
	author = {Sen Chen and Lingling Fan and Chunyang Chen and Ting Su and Weihe Li and Yang Liu and Lihua Xu},
	title = {StoryDroid: Automated Generation of Storyboard for {Android} Apps},
	booktitle = {Proceedings of the 41th ACM/IEEE International Conference on Software Engineering, {ICSE} 2019},
	pages = {},
	year = {2019}
}

@article{fan2018large,
	title={Large-Scale Analysis of Framework-Specific Exceptions in Android Apps},
	author={Fan, Lingling and Su, Ting and Chen, Sen and Meng, Guozhu and Liu, Yang and Xu, Lihua and Pu, Geguang and Su, Zhendong},
	journal={Proceedings of the 40th International Conference on Software Engineering (ICSE)},
	pages={408--419},
	year={2018},
	organization={ACM}
}

@inproceedings{fan2018efficiently,
	title={Efficiently manifesting asynchronous programming errors in Android apps},
	author={Fan, Lingling and Su, Ting and Chen, Sen and Meng, Guozhu and Liu, Yang and Xu, Lihua and Pu, Geguang},
	booktitle={Proceedings of the 33rd ACM/IEEE International Conference on Automated Software Engineering (ASE)},
	pages={486--497},
	year={2018},
	organization={ACM}
}

@inproceedings{yin2007panorama,
	title={Panorama: capturing system-wide information flow for malware detection and analysis},
	author={Yin, Heng and Song, Dawn and Egele, Manuel and Kruegel, Christopher and Kirda, Engin},
	booktitle={Proceedings of the 14th ACM conference on Computer and communications security},
	pages={116--127},
	year={2007},
	organization={ACM}
}

@inproceedings{wasserman2010software,
	title={Software engineering issues for mobile application development},
	author={Wasserman, Anthony I},
	booktitle={Proceedings of the FSE/SDP workshop on Future of software engineering research},
	pages={397--400},
	year={2010},
	organization={ACM}
}

@inproceedings{portokalidis2010paranoid,
	title={Paranoid Android: versatile protection for smartphones},
	author={Portokalidis, Georgios and Homburg, Philip and Anagnostakis, Kostas and Bos, Herbert},
	booktitle={Proceedings of the 26th annual computer security applications conference},
	pages={347--356},
	year={2010}
}

@inproceedings{chen2016stormdroid,
	title={Stormdroid: A streaminglized machine learning-based system for detecting android malware},
	author={Chen, Sen and Xue, Minhui and Tang, Zhushou and Xu, Lihua and Zhu, Haojin},
	booktitle={Proceedings of the 11th ACM on Asia Conference on Computer and Communications Security},
	pages={377--388},
	year={2016},
	organization={ACM}
}

@inproceedings{burguera2011crowdroid,
	title={Crowdroid: behavior-based malware detection system for android},
	author={Burguera, Iker and Zurutuza, Urko and Nadjm-Tehrani, Simin},
	booktitle={Proceedings of the 1st ACM workshop on Security and privacy in smartphones and mobile devices},
	pages={15--26},
	year={2011}
}

@inproceedings{wu2012droidmat,
	title={Droidmat: Android malware detection through manifest and api calls tracing},
	author={Wu, Dong-Jie and Mao, Ching-Hao and Wei, Te-En and Lee, Hahn-Ming and Wu, Kuo-Ping},
	booktitle={2012 Seventh Asia Joint Conference on Information Security},
	pages={62--69},
	year={2012},
	organization={IEEE}
}

@inproceedings{gascon2013structural,
	title={Structural detection of android malware using embedded call graphs},
	author={Gascon, Hugo and Yamaguchi, Fabian and Arp, Daniel and Rieck, Konrad},
	booktitle={Proceedings of the 2013 ACM workshop on Artificial intelligence and security},
	pages={45--54},
	year={2013}
}

@inproceedings{chakradeo2013mast,
	title={Mast: Triage for market-scale mobile malware analysis},
	author={Chakradeo, Saurabh and Reaves, Bradley and Traynor, Patrick and Enck, William},
	booktitle={Proceedings of the sixth ACM conference on Security and privacy in wireless and mobile networks},
	pages={13--24},
	year={2013}
}

@inproceedings{aafer2013droidapiminer,
	title={Droidapiminer: Mining api-level features for robust malware detection in android},
	author={Aafer, Yousra and Du, Wenliang and Yin, Heng},
	booktitle={International conference on security and privacy in communication systems},
	pages={86--103},
	year={2013},
	organization={Springer}
}

@inproceedings{arp2014drebin,
	title={Drebin: Effective and explainable detection of android malware in your pocket.},
	author={Arp, Daniel and Spreitzenbarth, Michael and Hubner, Malte and Gascon, Hugo and Rieck, Konrad and Siemens, CERT},
	booktitle={Ndss},
	volume={14},
	pages={23--26},
	year={2014}
}

@inproceedings{zhou2012hey,
	title={Hey, you, get off of my market: detecting malicious apps in official and alternative android markets.},
	author={Zhou, Yajin and Wang, Zhi and Zhou, Wu and Jiang, Xuxian},
	booktitle={NDSS},
	volume={25},
	number={4},
	pages={50--52},
	year={2012}
}

@inproceedings{DroidMOSS,
	title={Detecting repackaged smartphone applications in third-party android marketplaces},
	author={Wu Zhou and Yajin Zhou and Xuxian Jiang and Peng Ning},
	booktitle={CODASPY},
	year={2012}
}

@inproceedings{Zheng2013DroidAnalyticsA,
	title={DroidAnalytics : A Signature Based Analytic System to Collect , Extract , Analyze and Associate {Android}},
	author={Min Zheng and Mingshen Sun and John C. S. Lui},
	year={2013}
}

@inproceedings{levenshtein1966binary,
	title={Binary codes capable of correcting deletions, insertions, and reversals},
	author={Levenshtein, Vladimir I},
	booktitle={Soviet physics doklady},
	volume={10},
	number={8},
	pages={707--710},
	year={1966}
}

@inproceedings{CLANdroid,
title={On automatically detecting similar {Android} apps},
author={Linares-V{\'a}squez, Mario and Holtzhauer, Andrew and Poshyvanyk, Denys},
booktitle={Program Comprehension (ICPC), 2016 IEEE 24th International Conference on},
pages={1--10},
year={2016},
organization={IEEE}
}

@inproceedings{CodeMatch,
	title={CodeMatch: obfuscation won't conceal your repackaged app},
	author={Glanz, Leonid and Amann, Sven and Eichberg, Michael and Reif, Michael and Hermann, Ben and Lerch, Johannes and Mezini, Mira},
	booktitle={Proceedings of the 2017 11th Joint Meeting on Foundations of Software Engineering},
	pages={638--648},
	year={2017},
	organization={ACM}
}

@inproceedings{Wukong,
	title={WuKong: a scalable and accurate two-phase approach to {Android} app clone detection},
	author={Wang, Haoyu and Guo, Yao and Ma, Ziang and Chen, Xiangqun},
	booktitle={Proceedings of the 2015 International Symposium on Software Testing and Analysis},
	pages={71--82},
	year={2015},
	organization={ACM}
}

@inproceedings{DNADroid,
	title={Attack of the clones: Detecting cloned applications on {Android} markets},
	author={Crussell, Jonathan and Gibler, Clint and Chen, Hao},
	booktitle={European Symposium on Research in Computer Security},
	pages={37--54},
	year={2012},
	organization={Springer}
}

@inproceedings{AnDarwin,
	title={Scalable semantics-based detection of similar {Android} applications},
	author={Crussell, Jonathan and Gibler, Clint and Chen, Hao},
	booktitle={Proc. of ESORICS},
	volume={13},
	year={2013},
	organization={Citeseer}
}

@inproceedings{Centroid,
	title={Achieving accuracy and scalability simultaneously in detecting application clones on {Android} markets},
	author={Chen, Kai and Liu, Peng and Zhang, Yingjun},
	booktitle={Proceedings of the 36th International Conference on Software Engineering},
	pages={175--186},
	year={2014},
	organization={ACM}
}

@inproceedings{ViewDroid,
	title={ViewDroid: towards obfuscation-resilient mobile application repackaging detection},
	author={Fangfang Zhang and Heqing Huang and Sencun Zhu and Dinghao Wu and Peng Liu},
	booktitle={WISEC},
	year={2014}
}

@online{StatistaMktShare,
	author = {Arne Holst},
	year = {2019},
	url = {https://www.statista.com/statistics/272698/global-market-share-held-by-mobile-operating-systems-since-2009/},
	citedate = {January 4, 2020},
	title = {Market share of mobile operating systems worldwide 2012-2019}
}

@online{StatistaAppNumber,
	author = {J. Clement},
	year = {2019},
	url = {https://www.statista.com/statistics/266210/number-of-available-applications-in-the-google-play-store/},
	citedate = {January 4, 2020},
	title = {Number of available applications in the Google Play Store from December 2009 to December 2019}
}

@online{anjian,
	year = {2020},
	url = {http://m.anjian.com/},
	citedate = {March 20, 2020},
	title = {Anjian}
}

@online{iapp,
	year = {2020},
	url = {http://yougais.com/},
	citedate = {March 20, 2020},
	title = {iApp}
}

@online{burpsuite,
	year = {2020},
	url = {https://portswigger.net/},
	citedate = {March 21, 2020},
	title = {Burpsuite}
}

@online{janus,
	year = {2020},
	url = {https://www.appscan.io/},
	citedate = {March 27, 2020},
	title = {Janus}
}

@online{violinplot,
	year = {2020},
	url = {https://en.wikipedia.org/wiki/Violin_plot},
	citedate = {March 27, 2020},
	title = {Violin plot}
}

@techreport{McAfee_mobile_thread_report,
	author = {McAfee},
	year = {2018},
	url = {https://www.mcafee.com/enterprise/en-us/assets/reports/rp-mobile-threat-report-2018.pdf},
	citedate = {September 26, 2018},
	title = {McAfee Mobile Threat Report Q1, 2018}
}

@techreport{anquanke_framework,
	author = {McAfee},
	year = {2018},
	url = {https://www.anquanke.com/post/id/178540},
	citedate = {May 16, 2019},
	title = {黑灰产的廉价“温床”—— APP生成框架}
}

@techreport{ChineseAppStoreReport,
	author = {iiMedia Group},
	year = {2018},
	citedate = {February 23, 2020},
	title = {2018-2019中国移动应用商店市场监测报告}
}

@online{LIFTOFF_report,
author = {LIFTOFF},
year = {2018},
url = {https://cdn2.hubspot.net/hubfs/434414/Reports/2018%20Gaming%20Apps/Liftoff_2018_Mobile_Gaming_Apps_Report_Aug.pdf},
citedate = {September 26, 2018},
title = {{Mobile Gaming Apps Report}}
}

@online{virustotal,
	title = {VirusTotal},
	url = {https://www.virustotal.com/},
	citedate = {September 26, 2018}
}

@online{yiguanqianfan,
	title = {Analysys {Figure}},
	url = {https://qianfan.analysys.cn/refine/view/rankApp/rankApp.html},
	citedate = {September 26, 2018}
}

@online{MobileOSMktShare,
	author = {StatCounter},
	year = {2019},
	url = {https://gs.statcounter.com/os-market-share/mobile/worldwide/#yearly-2009-2020},
	citedate = {February 23, 2020},
	title = {Mobile Operating System Market Share Worldwide, 2009 - 2020}
}

# Reports
@online{microtrend_Fake_Apps_Feigning_Legitimacy,
	author = {Symphony, Luo and Peter, Yan},
	year = {2014},
	url = {https://www.trendmicro.de/cloud-content/us/pdfs/security-intelligence/white-papers/wp-fake-apps.pdf?cm_mmc=Social:IT-_-Facebook-_-FBTM-IT-_-sf28603333},
	citedate = {September 26, 2018},
	title = {Fake Apps: Feigning Legitimacy}
}

@online{microtrend_Fake_Banking_App,
	author = {Simon, Huang},
	year = {2014},
	url = {https://www.trendmicro.de/cloud-content/us/pdfs/security-intelligence/white-papers/wp-the-south-korean-fake-banking-app-scam.pdf},
	citedate = {September 26, 2018},
	title = {The South Korean Fake Banking App Scam}
}

@online{comodo_report,
	author = {Comodo},
	year = {2018},
	url = {https://blog.comodo.com/comodo-news/comodo-cybersecurity-q1-2018-global-malware-report/},
	citedate = {September 26, 2018},
	title = {Comodo Cybersecurity Q1 2018 Global Malware Report: cybercriminals follow the money, cryptominers leap ahead of ransomware}
}

@online{android_security_bulletin,
	author = {Google},
	year = {2017},
	url = {https://source.android.com/security/bulletin/2017-12-01},
	citedate = {September 26, 2018},
	title = {Android Security Bulletin—December 2017}
}

@online{guardsquare_fake_app,
	author = {Guardsquare},
	year = {2017},
	url = {https://www.guardsquare.com/en/blog/fake-mobile-apps-growing-threat},
	citedate = {September 26, 2018},
	title = {Fake mobile apps, a growing threat}
}

# News
@online{wannacry_bitcoin_news,
	author = {Jonas, Borchgrevink},
	year = {2017},
	url = {https://hacked.com/global-malware-campaign-wannacry-affecting-bitcoins-price/},
	citedate = {September 26, 2018},
	title = {Global Malware Campaign WannaCry is Affecting {Bitcoin's} Price}
}

@online{ransomware,
	author = {Wikipedia},
	year = {2018},
	url = {https://en.wikipedia.org/wiki/Ransomware},
	citedate = {September 26, 2018},
	title = {Ransomware}
}

@online{Baiduappstore,
	title = {Baidu App Store},
	url = {https://shouji.baidu.com/},
	citedate = {September 26, 2018}
}

@online{Hiapk,
	title = {Hiapk},
	url = {http://apk.hiapk.com/},
	citedate = {September 26, 2018}
}

@online{Xiaomiappstore,
	title = {Xiaomi App Store},
	url = {http://app.mi.com/},
	citedate = {February 23, 2020}
}

@online{Myapp,
	title = {Myapp},
	url = {http://sj.qq.com/myapp/},
	citedate = {September 26, 2018}
}

@online{GooglePlay,
	title = {Google Play},
	url = {https://play.google.com/store/apps},
	citedate = {February, 23, 2020}
}

@inproceedings{pandita2013whyper,
	title={$\{$WHYPER$\}$: Towards Automating Risk Assessment of Mobile Applications},
	author={Pandita, Rahul and Xiao, Xusheng and Yang, Wei and Enck, William and Xie, Tao},
	booktitle={Presented as part of the 22nd $\{$USENIX$\}$ Security Symposium ($\{$USENIX$\}$ Security 13)},
	pages={527--542},
	year={2013}
}

# Empirical Study methodology
@incollection{easterbrook2008selecting,
	title={Selecting empirical methods for software engineering research},
	author={Easterbrook, Steve and Singer, Janice and Storey, Margaret-Anne and Damian, Daniela},
	booktitle={Guide to advanced empirical software engineering},
	pages={285--311},
	year={2008},
	publisher={Springer}
}

@inproceedings{perry2000empirical,
	title={Empirical studies of software engineering: a roadmap},
	author={Perry, Dewayne E and Porter, Adam A and Votta, Lawrence G},
	booktitle={Proceedings of the conference on The future of Software engineering},
	pages={345--355},
	year={2000}
}

@article{seaman1999qualitative,
	title={Qualitative methods in empirical studies of software engineering},
	author={Seaman, Carolyn B.},
	journal={IEEE Transactions on software engineering},
	volume={25},
	number={4},
	pages={557--572},
	year={1999},
	publisher={IEEE}
}

@article{kitchenham2002preliminary,
	title={Preliminary guidelines for empirical research in software engineering},
	author={Kitchenham, Barbara A and Pfleeger, Shari Lawrence and Pickard, Lesley M and Jones, Peter W and Hoaglin, David C. and El Emam, Khaled and Rosenberg, Jarrett},
	journal={IEEE Transactions on software engineering},
	volume={28},
	number={8},
	pages={721--734},
	year={2002},
	publisher={IEEE}
}

# Empirical studies
@article{bieman1995reuse,
	title={Reuse through inheritance: A quantitative study of C++ software},
	author={Bieman, James M and Zhao, Josephine Xia},
	journal={ACM SIGSOFT Software Engineering Notes},
	volume={20},
	number={SI},
	pages={47--52},
	year={1995},
	publisher={ACM New York, NY, USA}
}

@article{harrison2000experimental,
	title={Experimental assessment of the effect of inheritance on the maintainability of object-oriented systems},
	author={Harrison, Rachel and Counsell, Steve and Nithi, Reuben},
	journal={Journal of Systems and Software},
	volume={52},
	number={2-3},
	pages={173--179},
	year={2000},
	publisher={Elsevier}
}

@article{dybaa2008empirical,
	title={Empirical studies of agile software development: A systematic review},
	author={Dyb{\aa}, Tore and Dings{\o}yr, Torgeir},
	journal={Information and software technology},
	volume={50},
	number={9-10},
	pages={833--859},
	year={2008},
	publisher={Elsevier}
}

@inproceedings{manotas2016empirical,
	title={An empirical study of practitioners' perspectives on green software engineering},
	author={Manotas, Irene and Bird, Christian and Zhang, Rui and Shepherd, David and Jaspan, Ciera and Sadowski, Caitlin and Pollock, Lori and Clause, James},
	booktitle={2016 IEEE/ACM 38th International Conference on Software Engineering (ICSE)},
	pages={237--248},
	year={2016},
	organization={IEEE}
}

@article{mcintosh2016empirical,
	title={An empirical study of the impact of modern code review practices on software quality},
	author={McIntosh, Shane and Kamei, Yasutaka and Adams, Bram and Hassan, Ahmed E},
	journal={Empirical Software Engineering},
	volume={21},
	number={5},
	pages={2146--2189},
	year={2016},
	publisher={Springer}
}

@article{mcilroy2016fresh,
	title={Fresh apps: an empirical study of frequently-updated mobile apps in the Google play store},
	author={McIlroy, Stuart and Ali, Nasir and Hassan, Ahmed E},
	journal={Empirical Software Engineering},
	volume={21},
	number={3},
	pages={1346--1370},
	year={2016},
	publisher={Springer}
}

# Empirical studies in China
@phdthesis{wu2016ji,
	title={基于开源软件的C++关键语言特性实证研究},
	author={吴迪},
	year={2016},
	school={南京大学}
}

@phdthesis{yang2015xin,
	title={信息安全风险分析方法与风险感知实证研究},
	author={杨姗媛},
	year={2015},
	school={中央财经大学}
}

@article{hu2019dating,
	title = "Dating with Scambots: understanding the ecosystem of fraudulent dating applications",
	author = "Yangyu Hu and Haoyu Wang and Yajin Zhou and Yao Guo and Li Li and Bingxuan Luo and Fangren Xu",
	year = "2019",
	doi = "10.1109/TDSC.2019.2908939",
	language = "English",
	journal = "IEEE Transactions on Dependable and Secure Computing",
	issn = "1545-5971",
	publisher = "IEEE, Institute of Electrical and Electronics Engineers",
}

@inproceedings{tang2019large,
	title={A large-scale empirical study on industrial fake apps},
	author={Tang, Chongbin and Chen, Sen and Fan, Lingling and Xu, Lihua and Liu, Yang and Tang, Zhushou and Dou, Liang},
	booktitle={2019 IEEE/ACM 41st International Conference on Software Engineering: Software Engineering in Practice (ICSE-SEIP)},
	pages={183--192},
	year={2019},
	organization={IEEE}
}

@inproceedings{chen2018mobile,
	title={Are mobile banking apps secure? what can be improved?},
	author={Chen, Sen and Su, Ting and Fan, Lingling and Meng, Guozhu and Xue, Minhui and Liu, Yang and Xu, Lihua},
	booktitle={Proceedings of the 2018 26th ACM Joint Meeting on European Software Engineering Conference and Symposium on the Foundations of Software Engineering},
	pages={797--802},
	year={2018},
	organization={ACM}
}

@article{chen2018ausera,
	title={AUSERA: Large-Scale Automated Security Risk Assessment of Global Mobile Banking Apps},
	author={Chen, Sen and Meng, Guozhu and Su, Ting and Fan, Lingling and Xue, Yinxing and Liu, Yang and Xu, Lihua and Xue, Minhui and Li, Bo and Hao, Shuang},
	journal={arXiv preprint arXiv:1805.05236},
	year={2018}
}

@inproceedings{wang2018android,
	title={Why are android apps removed from google play? a large-scale empirical study},
	author={Wang, Haoyu and Li, Hao and Li, Li and Guo, Yao and Xu, Guoai},
	booktitle={2018 IEEE/ACM 15th International Conference on Mining Software Repositories (MSR)},
	pages={231--242},
	year={2018},
	organization={IEEE}
}

@article{Andow2016ASO,
	title={A Study of Grayware on {Google Play}},
	author={Benjamin Andow and Adwait Nadkarni and Blake Bassett and William Enck and Tao Xie},
	journal={2016 IEEE Security and Privacy Workshops (SPW)},
	year={2016},
	pages={224-233}
}

@article{Zhou2012DissectingAM,
	title={Dissecting {Android} Malware: Characterization and Evolution},
	author={Yajin Zhou and Xuxian Jiang},
	journal={2012 IEEE Symposium on Security and Privacy},
	year={2012},
	pages={95-109}
}

@inproceedings{li2017android,
	title={Android malware clustering through malicious payload mining},
	author={Li, Yuping and Jang, Jiyong and Hu, Xin and Ou, Xinming},
	booktitle={International Symposium on Research in Attacks, Intrusions, and Defenses},
	pages={192--214},
	year={2017},
	organization={Springer}
}

@inproceedings{Felt2011ASO,
	title={A survey of mobile malware in the wild},
	author={Adrienne Porter Felt and Matthew Finifter and Erika Chin and Steve Hanna and David A. Wagner},
	booktitle={SPSM@CCS},
	year={2011}
}

@article{khanmohammadi2019empirical,
	title={Empirical study of android repackaged applications},
	author={Khanmohammadi, Kobra and Ebrahimi, Neda and Hamou-Lhadj, Abdelwahab and Khoury, Rapha{\"e}l},
	journal={Empirical Software Engineering},
	volume={24},
	number={6},
	pages={3587--3629},
	year={2019},
	publisher={Springer}
}
